
@misc{Knut,
	author="Дональд Кнут",
	title="Сортировка и поиск",
	publisher="Вильямс",
	volume=3,
	series="Искусство программирования",
	year=2000,
	pages=834
}


@misc{algorithms,
	title="Алгоритмы. Построение и анализ",
	author="Штайн Клиффорд, Ривест Рональд Л.",
	publisher="Вильямс",
	year=2013,
	pages=1324,
}

@misc{parallel_computing,
  author         = {Laxmikant V. Kale, Edgar Solomonik.},
  publisher      = {Springer},
  title          = {Encyclopedia of Parallel Computing (Энциклопедия параллельных вычислений)},
  year           = {2011},
  language       = {english},
  pages			 = 1423
}

@misc{cuda_lang,
	title="Язык программирования CUDA",
	howpublished="Режим доступа: \url{https://docs.nvidia.com/cuda/} (дата обращения: 12.09.2022)"
}

@misc{tinyrenderer,
	title="Tiny Renderer  [Электронный ресурс]",
	howpublished="Режим доступа: \url{https://github.com/ssloy/tinyrenderer} (дата обращения: 12.09.2022)"
}

@misc{cpplang,
	title="https://gcc.gnu.org/",
	howpublished="Режим доступа: \url{https://gcc.gnu.org/} (дата обращения: 04.09.2022)",
}

@misc{learnopengl,
	title="learnopengl [Электронный ресурс]",
	howpublished="Режим доступа: \url{https://learnopengl.com/} (дата обращения: 04.09.2022)"
}

@misc{pythonlangtime,
	title="time — Time access and conversions [Электронный ресурс]",
	howpublished="Режим доступа: \url{https://docs.python.org/3/library/time.html#functions} (дата обращения: 04.09.2022)"
}


@misc{ubuntu,
	title="Mac OS Monterey [Электронный ресурс]",
	howpublished="Режим доступа: \url{https://www.apple.com/ru/macos/monterey/} (дата обращения: 04.09.2022)"
}

@misc{linux,
	title="Linux -- Википедия [Электронный ресурс]",
	howpublished="Режим доступа: \url{https://ru.wikipedia.org/wiki/Linux} (дата обращения: 04.09.2022)"
}


@misc{intel,
	title="Процессор Apple M2 [Электронный ресурс]",
	howpublished="Режим доступа: \url{https://www.apple.com/macbook-pro-13/specs/} (дата обращения: 04.09.2021)"
}

@misc{pybind11,
	title="pybind11 — Seamless operability between C++11 and Python [Электронный ресурс]",
	howpublished="Режим доступа: \url{https://github.com/pybind/pybind11} (дата обращения: 04.09.2021)"
}