
@misc{python,
	title="time - Time access and conversions",
	howpublished="Режим доступа: \url{https://docs.python.org/3/library/time.html} (дата обращения: 21.10.2022)"
}

@misc{vino,
	title = "Умножение матриц",
	howpublished = "Режим доступа \url{http://www.algolib.narod.ru/Math/Matrix.html} (дата обращения: 21.10.2022)"
}

@misc{intel,
	title = "Процессор Apple M2",
	howpublished = "Режим доступа \url{https://www.apple.com/macbook-air-m2/specs/} (дата обращения: 21.10.2022)"
}

@inproceedings{numba,
author = {Lam, Siu Kwan and Pitrou, Antoine and Seibert, Stanley},
title = {Numba: A LLVM-Based Python JIT Compiler},
year = {2015},
isbn = {9781450340052},
publisher = {Association for Computing Machinery},
address = {New York, NY, USA},
url = {https://doi.org/10.1145/2833157.2833162},
doi = {10.1145/2833157.2833162},
abstract = {Dynamic, interpreted languages, like Python, are attractive for domain-experts and scientists experimenting with new ideas. However, the performance of the interpreter is often a barrier when scaling to larger data sets. This paper presents a just-in-time compiler for Python that focuses in scientific and array-oriented computing. Starting with the simple syntax of Python, Numba compiles a subset of the language into efficient machine code that is comparable in performance to a traditional compiled language. In addition, we share our experience in building a JIT compiler using LLVM[1].},
booktitle = {Proceedings of the Second Workshop on the LLVM Compiler Infrastructure in HPC},
articleno = {7},
numpages = {6},
keywords = {compiler, Python, LLVM},
location = {Austin, Texas},
series = {LLVM '15}
}

@book{10.5555/1593511,
 author = {Van Rossum, Guido and Drake, Fred L.},
 title = {Python 3 Reference Manual},
 year = {2009},
 isbn = {1441412697},
 publisher = {CreateSpace},
 address = {Scotts Valley, CA}
}